<record><leader>03264cam a2200745 i 4500</leader><controlfield tag="001">6752209</controlfield><controlfield tag="003">OCoLC</controlfield><controlfield tag="005">20150530071958.8</controlfield><controlfield tag="006">m     o  d        </controlfield><controlfield tag="007">cr cn|||||||||</controlfield><controlfield tag="008">140611t20152015enka    ob    001 0 eng d</controlfield><datafield ind1=" " ind2=" " tag="015"><subfield code="a">GBB4A7627</subfield><subfield code="2">bnb</subfield></datafield><datafield ind1=" " ind2=" " tag="015"><subfield code="a">GBB4A5628</subfield><subfield code="2">bnb</subfield></datafield><datafield ind1="7" ind2=" " tag="016"><subfield code="a">016886713</subfield><subfield code="2">Uk</subfield></datafield><datafield ind1="7" ind2=" " tag="016"><subfield code="a">016884711</subfield><subfield code="2">Uk</subfield></datafield><datafield ind1=" " ind2=" " tag="020"><subfield code="a">9780124079014</subfield><subfield code="q">electronic bk.</subfield></datafield><datafield ind1=" " ind2=" " tag="020"><subfield code="a">0124079016</subfield><subfield code="q">electronic bk.</subfield></datafield><datafield ind1=" " ind2=" " tag="020"><subfield code="z">9780124080782 hardback</subfield></datafield><datafield ind1=" " ind2=" " tag="020"><subfield code="z">0124080782</subfield><subfield code="q">hardback</subfield></datafield><datafield ind1=" " ind2=" " tag="035"><subfield code="a">ocn892869035</subfield></datafield><datafield ind1=" " ind2=" " tag="039"><subfield code="a">exclude</subfield></datafield><datafield ind1=" " ind2=" " tag="040"><subfield code="a">UKMGB</subfield><subfield code="b">eng</subfield><subfield code="c">UKMGB</subfield><subfield code="d">N$T</subfield><subfield code="d">YDXCP</subfield><subfield code="d">UIU</subfield><subfield code="d">OCLCF</subfield><subfield code="d">KOS</subfield><subfield code="d">MMU</subfield><subfield code="d">E7B</subfield><subfield code="d">AEU</subfield></datafield><datafield ind1="1" ind2=" " tag="041"><subfield code="a">eng</subfield><subfield code="h">ger</subfield></datafield><datafield ind1=" " ind2="4" tag="050"><subfield code="a">RG627.6.D79</subfield></datafield><datafield ind1=" " ind2="4" tag="060"><subfield code="a">WQ 200.1</subfield></datafield><datafield ind1=" " ind2="7" tag="072"><subfield code="a">MED</subfield><subfield code="x">033000</subfield><subfield code="2">bisacsh</subfield></datafield><datafield ind1="0" ind2="4" tag="082"><subfield code="a">618.32</subfield><subfield code="2">23</subfield></datafield><datafield ind1=" " ind2=" " tag="090"><subfield code="a">Internet Access</subfield><subfield code="b">AEGMCT</subfield></datafield><datafield ind1=" " ind2=" " tag="090"><subfield code="a">Internet Access</subfield><subfield code="b">AEU</subfield></datafield><datafield ind1="0" ind2=" " tag="130"><subfield code="a">Arzneimittel in Schwangerschaft und Stillzeit.</subfield><subfield code="l">English.</subfield></datafield><datafield ind1="0" ind2="0" tag="245"><subfield code="a">Drugs during pregnancy and lactation :</subfield><subfield code="b">treatment options and risk assessment /</subfield><subfield code="c">edited by Christof Schaefer, Paul Peters, and Richard K. Miller.</subfield></datafield><datafield ind1=" " ind2=" " tag="250"><subfield code="a">Third edition.</subfield></datafield><datafield ind1=" " ind2="1" tag="264"><subfield code="a">London, UK :</subfield><subfield code="b">Elsevier/Academic Press,</subfield><subfield code="c">[2015]</subfield></datafield><datafield ind1=" " ind2="4" tag="264"><subfield code="c">&#169;2015</subfield></datafield><datafield ind1=" " ind2=" " tag="300"><subfield code="a">1 online resource.</subfield></datafield><datafield ind1=" " ind2=" " tag="336"><subfield code="a">text</subfield><subfield code="2">rdacontent</subfield></datafield><datafield ind1=" " ind2=" " tag="337"><subfield code="a">computer</subfield><subfield code="2">rdamedia</subfield></datafield><datafield ind1=" " ind2=" " tag="338"><subfield code="a">online resource</subfield><subfield code="2">rdacarrier</subfield></datafield><datafield ind1=" " ind2=" " tag="500"><subfield code="a">Previous edition: 2007.</subfield></datafield><datafield ind1=" " ind2=" " tag="500"><subfield code="a">Translation of: Arzneimittel in Schwangerschaft und Stillzeit / Christof Schaefer ... (Hrsg.). Mit Beitr. von Stephanie Padberg ... 8., vollst. &#252;berarb. Aufl. 2012.</subfield></datafield><datafield ind1=" " ind2=" " tag="504"><subfield code="a">Includes bibliographical references and index.</subfield></datafield><datafield ind1=" " ind2=" " tag="506"><subfield code="a">Access restricted to authorized users and institutions.</subfield></datafield><datafield ind1=" " ind2=" " tag="546"><subfield code="a">Translated from German.</subfield></datafield><datafield ind1=" " ind2=" " tag="588"><subfield code="a">Description based on online resource; title from electronic title page (ClinicalKey, viewed on April 7, 2015).</subfield></datafield><datafield ind1=" " ind2=" " tag="596"><subfield code="a">44 57</subfield></datafield><datafield ind1="1" ind2="2" tag="650"><subfield code="a">Pregnancy</subfield><subfield code="x">drug effects.</subfield></datafield><datafield ind1="2" ind2="2" tag="650"><subfield code="a">Drug Therapy</subfield><subfield code="x">contraindications.</subfield></datafield><datafield ind1="2" ind2="2" tag="650"><subfield code="a">Drug-Related Side Effects and Adverse Reactions.</subfield></datafield><datafield ind1="2" ind2="2" tag="650"><subfield code="a">Fetus</subfield><subfield code="x">drug effects.</subfield></datafield><datafield ind1="2" ind2="2" tag="650"><subfield code="a">Infant, Newborn.</subfield></datafield><datafield ind1="2" ind2="2" tag="650"><subfield code="a">Lactation</subfield><subfield code="x">drug effects.</subfield></datafield><datafield ind1=" " ind2="0" tag="650"><subfield code="a">Pregnant women</subfield><subfield code="x">Drug use.</subfield></datafield><datafield ind1=" " ind2="0" tag="650"><subfield code="a">Pregnant women</subfield><subfield code="x">Medical care.</subfield></datafield><datafield ind1=" " ind2="0" tag="650"><subfield code="a">Obstetrical pharmacology</subfield><subfield code="v">Handbooks, manuals, etc.</subfield></datafield><datafield ind1=" " ind2="0" tag="650"><subfield code="a">Fetus</subfield><subfield code="x">Effect of drugs on</subfield><subfield code="v">Handbooks, manuals, etc.</subfield></datafield><datafield ind1=" " ind2="0" tag="650"><subfield code="a">Newborn infants</subfield><subfield code="x">Effect of drugs on</subfield><subfield code="v">Handbooks, manuals, etc.</subfield></datafield><datafield ind1="1" ind2=" " tag="700"><subfield code="a">Schaefer, Christof,</subfield><subfield code="e">editor.</subfield></datafield><datafield ind1="1" ind2=" " tag="700"><subfield code="a">Peters, P. W. J.</subfield><subfield code="q">(Paul W. J.),</subfield><subfield code="e">editor.</subfield></datafield><datafield ind1="1" ind2=" " tag="700"><subfield code="a">Miller, Richard K.</subfield><subfield code="q">(Richard Kermit),</subfield><subfield code="d">1946-</subfield><subfield code="e">editor.</subfield></datafield><datafield ind1="0" ind2=" " tag="730"><subfield code="i">Translation of:</subfield><subfield code="a">Arzneimittel in Schwangerschaft und Stillzeit.</subfield><subfield code="f">2007.</subfield></datafield><datafield ind1="4" ind2="0" tag="856"><subfield code="3">MacEwan University Access</subfield><subfield code="u">http://www.sciencedirect.com/science/book/9780124080782</subfield><subfield code="z">(Unlimited Concurrent Users)</subfield></datafield><datafield ind1="4" ind2="0" tag="856"><subfield code="3">University of Alberta Access</subfield><subfield code="u">http://www.sciencedirect.com/science/book/9780124080782</subfield><subfield code="z">(Unlimited Concurrent Users)</subfield></datafield><datafield ind1=" " ind2=" " tag="949"><subfield code="h">UAIN</subfield><subfield code="m">GR_MAC_INT</subfield><subfield code="z">SCIDIRCOGM</subfield></datafield><datafield ind1=" " ind2=" " tag="926"><subfield code="a">Internet Access</subfield><subfield code="w">LC</subfield><subfield code="c">1</subfield><subfield code="i">6752209-1001</subfield><subfield code="l">INTERNET</subfield><subfield code="m">UAINTERNET</subfield><subfield code="r">Y</subfield><subfield code="s">Y</subfield><subfield code="t">E-RESOURCE</subfield><subfield code="u">12/3/2014</subfield><subfield code="x">E-BOOK</subfield><subfield code="z">SCIDIRECT</subfield></datafield><datafield ind1=" " ind2=" " tag="926"><subfield code="a">Internet Access</subfield><subfield code="w">LC</subfield><subfield code="c">1</subfield><subfield code="i">6752209-2001</subfield><subfield code="l">INTERNET</subfield><subfield code="m">GR_MAC_INT</subfield><subfield code="r">Y</subfield><subfield code="s">Y</subfield><subfield code="t">E-RESOURCE</subfield><subfield code="u">7/9/2015</subfield><subfield code="x">E-BOOK</subfield><subfield code="z">SCIDIRCOGM</subfield></datafield></record>